@article{manin1980computable,
  title={Computable and uncomputable},
  author={Manin, Yuri},
  journal={Sovetskoye Radio, Moscow},
  volume={128},
  year={1980}
}

@article{Feynman:1982gn,
author = {Feynman, Richard P},
title = {{Simulating physics with computers}},
journal = {Int. J. Theor. Phys.},
year = {1982},
volume = {21},
number = {6-7},
pages = {467--488},
month = jun
}

@article{Laughlin:2000br,
author = {Laughlin, R B and Pines, D},
title = {{The theory of everything.}},
journal = {Proc. Nat. Acad. Sci. U.S.A.},
year = {2000},
volume = {97},
number = {1},
pages = {28--31},
month = jan
}


@article{schuch2009computational,
  title={Computational complexity of interacting electrons and fundamental limitations of density functional theory},
  author={Schuch, Norbert and Verstraete, Frank},
  journal={Nat. Phys.},
  volume={5},
  number={10},
  pages={732},
  year={2009},
  publisher={Nature Publishing Group}
}

@article{Georgescu:2014bg,
author = {Georgescu, I M and Ashhab, S and Nori, Franco},
title = {{Quantum simulation}},
journal = {Rev. Mod. Phys.},
year = {2014},
volume = {86},
number = {1},
pages = {153--185},
month = mar
}

@book{helgaker2014molecular,
  title={Molecular electronic-structure theory},
  author={Helgaker, Trygve and Jorgensen, Poul and Olsen, Jeppe},
  year={2014},
  publisher={John Wiley \& Sons}
}

@article{Reiher:2017cv,
author = {Reiher, Markus and Wiebe, Nathan and Svore, Krysta M and Wecker, Dave and Troyer, Matthias},
title = {{Elucidating reaction mechanisms on quantum computers}},
journal = {Proc. Natl. Acad. Sci. U.S.A.},
year = {2017},
volume = {114},
number = {29},
pages = {7555--7560},
annote = {propose Orbital-Optimization techniques for QPE (mentioned in arXiv:1910.11526)}
}

@article{Kassal:2008bf,
author = {Kassal, Ivan and Jordan, Stephen P and Love, Peter J and Mohseni, Masoud and Aspuru-Guzik, Alan},
title = {{Polynomial-time quantum algorithm for the simulation of chemical dynamics}},
journal = {Proc. Natl. Acad. Sci. U.S.A.},
year = {2008},
volume = {105},
number = {48},
pages = {18681--18686}
}

@misc{wocjan2006natural,
    title={Several natural BQP-Complete problems},
    author={Pawel Wocjan and Shengyu Zhang},
    year={2006},
    howpublished = {arXiv:quant-ph/0606179}
}

@article{whitfield2014computational,
  title={Computational complexity of time-dependent density functional theory},
  author={Whitfield, James D and Yung, MH and Tempel, David Gabriel and Boixo, S and Aspuru-Guzik, Alan},
  journal={New J. Phys.},
  volume={16},
  number={8},
  pages={083035},
  year={2014},
  publisher={IOP Publishing}
}

@article{Bookatz2014,
  title={QMA-complete Problems},
  author={Bookatz, Adam D. },
  journal={Quantum Info. Comput.},
  volume={14},
  pages={361−-383},
  year={2014},
}

@article{barahona1982computational,
  title={On the computational complexity of Ising spin glass models},
  author={Barahona, Francisco},
  journal={J. Phys. A: Math. Gen.},
  volume={15},
  number={10},
  pages={3241--3253},
  year={1982},
}

@article{Abrams:1997ha,
author = {Abrams, Daniel S and Lloyd, Seth},
title = {{Simulation of Many-Body Fermi Systems on a Universal Quantum Computer}},
journal = {Phys. Rev. Lett.},
year = {1997},
volume = {79},
number = {13},
pages = {2586--2589},
month = sep
}

@article{Abrams:1999ur,
author = {Abrams, DS and Lloyd, S},
title = {{Quantum algorithm providing exponential speed increase for finding eigenvalues and eigenvectors}},
journal = {Phys. Rev. Lett.},
year = {1999},
volume = {83},
number = {24},
pages = {5162--5165}
}

@article{ArguelloLuengo:2019hx,
author = {Arg{\"u}ello-Luengo, Javier and Gonz{\'a}lez-Tudela, Alejandro and Shi, Tao and Zoller, Peter and Cirac, J Ignacio},
title = {{Analogue quantum chemistry simulation}},
journal = {Nature},
year = {2019},
volume = {574},
number = {7777},
pages = {215--218},
month = oct
}

@article{bernien2017probing,
  title={Probing many-body dynamics on a 51-atom quantum simulator},
  author={Bernien, Hannes and Schwartz, Sylvain and Keesling, Alexander and Levine, Harry and Omran, Ahmed and Pichler, Hannes and Choi, Soonwon and Zibrov, Alexander S and Endres, Manuel and Greiner, Markus and others},
  journal={Nature},
  volume={551},
  number={7682},
  pages={579},
  year={2017},
  publisher={Nature Publishing Group}
}

@article{greiner2002quantum,
  title={Quantum phase transition from a superfluid to a Mott insulator in a gas of ultracold atoms},
  author={Greiner, Markus and Mandel, Olaf and Esslinger, Tilman and H{\"a}nsch, Theodor W and Bloch, Immanuel},
  journal={Nature},
  volume={415},
  number={6867},
  pages={39},
  year={2002},
}

@article{childs2010quantum,
  title={Quantum algorithms for algebraic problems},
  author={Childs, Andrew M and Van Dam, Wim},
  journal={Rev. Mod. Phys.},
  volume={82},
  number={1},
  pages={1--52},
  year={2010},
  publisher={APS}
}

%%Reviews
@article{Preskill:2018gt,
author = {Preskill, John},
title = {{Quantum Computing in the NISQ era and beyond}},
journal = {Quantum},
year = {2018},
volume = {2},
pages = {79},
}

@misc{McArdle:2018we,
author = {McArdle, Sam and Endo, Suguru and Aspuru-Guzik, Alan and Benjamin, Simon and Yuan, Xiao},
title = {{Quantum computational chemistry}},
howpublished = {e-print arXiv:1808.10402v2 [quant-ph]},
year = {2018}
}

%%%%%%%


%% books/chapters
@book{Chuang:vn,
author = {Nielsen, Micheal A and Chuang, Isaac L},
title = {{Quantum computation and quantum information}},
year = {2002}
}


%%%%%%%


%% QPE
@article{ortiz2001quantum,
  title={Quantum algorithms for fermionic simulations},
  author={Ortiz, Gerardo and Gubernatis, James E and Knill, Emanuel and Laflamme, Raymond},
  journal = {Phys. Rev. A},
  volume={64},
  number={2},
  pages={022319},
  year={2001},
  publisher={APS}
}

@book{kitaev2002classical,
  title={Classical and quantum computation},
  author={Kitaev, Alexei Yu and Shen, Alexander and Vyalyi, Mikhail N and Vyalyi, Mikhail N},
  number={47},
  year={2002},
  publisher={American Mathematical Soc.}
}

@article{AspuruGuzik:dj,
author = {Aspuru-Guzik, Alan and Dutoi, Anthony D and Love, Peter J and Head-Gordon, Martin},
title = {{Simulated quantum computation of molecular energies}},
 doi = {10.1002/smll.200500165)}, 
journal = {Science},
year = {2005},
volume = {309},
pages = {1704--1707},
month = sep,
annote = {the 2005 groundbreaking paper from Alan}
}

@article{lanyon2010towards,
  author={Lanyon, Benjamin P and Whitfield, James D and Gillett, Geoff G and Goggin, Michael E and Almeida, Marcelo P and Kassal, Ivan and Biamonte, Jacob D and Mohseni, Masoud and Powell, Ben J and Barbieri, Marco and Aspuru-Guzik, Alán and White, A. G. },
  title = {{Towards quantum chemistry on a quantum computer}}, 
  issn = {1755-4349}, 
  doi = {10.1038/nchem.483}, 
  pmid = {21124400}, 
  pages = {106}, 
  number={2},
  volume = {2}, 
  journal = {Nat. Chem.}, 
  year = {2010}
}

%%%%%%%

%%QAOA
@misc{Farhi:2014wl,
author = {Farhi, Edward and Goldstone, Jeffrey and Gutmann, Sam},
title = {{A Quantum Approximate Optimization Algorithm}},
howpublished = {e-print arXiv:1411.4028v1 [quant-ph]},
year = {2014},
annote = {original QAOA paper}
}
%%%%%%

%% VQE for ground state
@article{McClean:2015bs, 
  author = {Jarrod R McClean,Jonathan Romero,Ryan Babbush,Alán Aspuru-Guzik}, 
  title = {{The theory of variational hybrid quantum-classical algorithms}}, 
  issn = {1367-2630}, 
  doi = {10.1088/1367-2630/18/2/023023}, 
  eprint = {1509.04279}, 
  pages = {023023}, 
  volume = {18}, 
  journal = {New J. Phys.},
  year = {2016}
}
% experiment
@article{Peruzzo:2014kca,
author = {Peruzzo, Alberto and McClean, Jarrod and Shadbolt, Peter and Yung, Man-Hong and Zhou, Xiao-Qi and Love, Peter J and Aspuru-Guzik, Al{\'a}n and O'Brien, Jeremy L},
title = {{A variational eigenvalue solver on a photonic quantum processor.}},
journal = {Nat. Commun.},
year = {2014},
volume = {5},
number = {1},
pages = {4213},
month = jul,
issn = {2041-1723}, 
doi = {10.1038/ncomms5213}, 
pmid = {25055053}, 
pmcid = {PMC4124861}
}

@article{yung:2014, 
  author = {Yung, M H and Casanova, J and Mezzacapo, A and McClean, J and Lamata, L and Aspuru-Guzik, A and Solano, E},
  title = {{From transistor to trapped-ion computers for quantum chemistry}}, 
  doi = {10.1038/srep03589}, 
  pages = {3589}, 
  volume = {4}, 
  number = {1},
  journal = {Sci. Rep.}, 
  year = {2014}
}

@article{OMalley:2015dc, 
  author = {P. J. J. O’Malley,R. Babbush,I. D. Kivlichan,J. Romero,J. R. McClean,R. Barends,J. Kelly,P. Roushan,A. Tranter,N. Ding,B. Campbell,Y. Chen,Z. Chen,B. Chiaro,A. Dunsworth,A. G. Fowler,E. Jeffrey,E. Lucero,A. Megrant,J. Y. Mutus,M. Neeley,C. Neill,C. Quintana,D. Sank,A. Vainsencher,J. Wenner,T. C. White,P. V. Coveney,P. J. Love,H. Neven,A. Aspuru-Guzik,J. M. Martinis}, 
  title = {{Scalable Quantum Simulation of Molecular Energies}}, 
  issn = {2160-3308}, 
  doi = {10.1103/physrevx.6.031007}, 
  eprint = {1512.06860}, 
  pages = {031007}, 
  volume = {6}, 
  journal = {Phys. Rev. X},
  year = {2016}
}

@article{Romero:2017vp,
author = {Romero, Jonathan and Babbush, Ryan and McClean, Jarrod R and Hempel, Cornelius and Love, Peter and Aspuru-Guzik, Alan},
title = {{Strategies for quantum computing molecular energies using the unitary coupled cluster ansatz}},
journal = {Quantum Sci. Technol.},
 volume={4},
  number={1},
  pages={014008},
  year={2018}
}

@article{Kuhn:2019bw,
author = {K{\"u}hn, Michael and Zanker, Sebastian and Deglmann, Peter and Marthaler, Michael and Wei{\ss}, Horst},
title = {{Accuracy and Resource Estimations for Quantum Chemistry on a Near-Term Quantum Computer}},
journal = {Journal of Chemical Theory and Computation},
year = {2019},
volume = {15},
number = {9},
pages = {1--17},
month = aug
}

@article{Ryabinkin:2018uc,
author = {Ryabinkin, Ilya G and Yen, Tzu-Ching and Genin, Scott N and Izmaylov, Artur F},
title = {{Qubit Coupled Cluster Method: A Systematic Approach to Quantum Chemistry on a Quantum Computer}},
journal = {J. Chem. Theory Comput.},
year = {2018},
volume = {14},
number = {12},
pages = {6317--6326},
month = dec
}

@misc{Ryabinkin:2019vh,
author = {Ryabinkin, Ilya G and Genin, Scott N},
title = {{Iterative qubit coupled cluster method: A systematic approach to the full-CI limit in quantum chemistry calculations on NISQ devices}},
howpublished = {e-print arXiv:1906.11192v1 [quant-ph]},
year = {2019}
}

@article{Barkoutsos:2018hm,
author = {Barkoutsos, Panagiotis Kl and Gonthier, Jerome F and Sokolov, Igor and Moll, Nikolaj and Salis, Gian and Fuhrer, Andreas and Ganzhorn, Marc and Egger, Daniel J and Troyer, Matthias and Mezzacapo, Antonio and Filipp, Stefan and Tavernelli, Ivano},
title = {{Quantum algorithms for electronic structure calculations: particle/hole Hamiltonian and optimized wavefunction expansions}},
month = aug,
journal = {Phys. Rev. A},
volume={98},
number={2},
pages={022322},
year={2018},
publisher={APS}
}



%%%%%%%


%% VQE for excited states
%another QSE
@article{Colless:2018hp,
author = {Colless, J I and Ramasesh, V V and Dahlen, D and Blok, M S and Kimchi-Schwartz, M E and McClean, J R and Carter, J and de Jong, W A and Siddiqi, I},
title = {{Computation of Molecular Spectra on a Quantum Processor with an Error-Resilient Algorithm}},
journal = {Phys. Rev. X},
year = {2018},
volume = {8},
number = {1},
pages = {011021},
annote = {QSE}
}

% QSE: additional measurements in active space, classical post-processing from data on virtual space
@misc{Takeshita:2019wn,
author = {Takeshita, Tyler and Rubin, Nicholas C and Jiang, Zhang and Lee, Eunseok and Babbush, Ryan and McClean, Jarrod R},
title = {{Increasing the representation accuracy of quantum simulations of chemistry without extra quantum resources}},
howpublished = {e-print arXiv:1902.10679v2 [quant-ph]},
year = {2019}
}

@misc{Nakanishi:2018wo,
author = {Nakanishi, Ken M and Mitarai, Kosuke and Fujii, Keisuke},
title = {{Subspace-search variational quantum eigensolver for excited states}},
howpublished = {e-print arXiv:1810.09434v2 [quant-ph]},
year = {2018}
}

@misc{Jouzdani:2019tp,
author = {Jouzdani, P and Kostuk, M and Bringuier, Stefan},
title = {{A Method of Determining Excited-States for Quantum Computation}},
howpublished = {e-print arXiv:1908.05238v1 [quant-ph]},
year = {2019}
}

@article{Santagati:2018ih,
author = {Santagati, Raffaele and Wang, Jianwei and Gentile, Antonio A and Paesani, Stefano and Wiebe, Nathan and McClean, Jarrod R and Morley-Short, Sam and Shadbolt, Peter J and Bonneau, Damien and Silverstone, Joshua W and Tew, David P and Zhou, Xiaoqi and O'Brien, Jeremy L and Thompson, Mark G},
title = {{Witnessing eigenstates for quantum simulation of Hamiltonian spectra.}},
journal = {Sci. Adv.},
year = {2018},
volume = {4},
number = {1},
pages = {eaap9646},
month = jan
}

@article{Parrish:2019bw,
author = {Parrish, Robert M and Hohenstein, Edward G and McMahon, Peter L and Martinez, Todd J},
title = {{Quantum Computation of Electronic Transitions Using a Variational Quantum Eigensolver}},
journal = {Phys. Rev. Lett.},
year = {2019},
volume = {122},
number = {23},
pages = {230401},
month = jun
}


%%%%%%%


%% measure off-diagonal matrix element/overlap
@article{Somma:2003jz,
author = {Somma, Rolando and Ortiz, Gerardo and Knill, Emanuel and Gubernatis, James},
title = {{Quantum Simulations of Physics Problems}},
volume = {5105},
journal = {Quantum Inf. Comput.},
editor = {Eric Donkor and Andrew R. Pirich and Howard E. Brandt},
organization = {International Society for Optics and Photonics},
publisher = {SPIE},
pages = {96 -- 103},
keywords = {algebras, mappings, spin, simulation, nmr, quantum computation, quantum information},
year = {2003},
doi = {10.1117/12.487249},
URL = {https://doi.org/10.1117/12.487249}
  }
 
@article{Childs:2012cg,
author = {Childs, Andrew M and Wiebe, Nathan},
title = {{Hamiltonian Simulation Using Linear Combinations of Unitary Operations}},
journal = {Quantum Inf. Comput.},
year = {2012},
volume = {12},
number = {11-12},
pages = {901--924},
month = nov,
annote = {rtnotes Ref4 LCU}
}

@misc{Parrish:2019tc,
author = {Parrish, Robert M and McMahon, Peter L},
title = {{Quantum Filter Diagonalization: Quantum Eigendecomposition without Full Quantum Phase Estimation}},
howpublished= {e-print arXiv:1909.08925v1 [quant-ph]},
year = {2019}
}

@misc{Huggins:2019vv,
author = {Huggins, William J and Lee, Joonho and Baek, Unpil and O'Gorman, Bryan and Whaley, K Birgitta},
title = {{Non-Orthogonal Variational Quantum Eigensolver}},
howpublished = {e-print arXiv:1909.09114v1 [quant-ph]},
year = {2019}
}

@misc{McClean:2017tj,
author = {McClean, Jarrod R and Sung, Kevin J and Kivlichan, Ian D and Cao, Yudong and Dai, Chengyu and Fried, E Schuyler and Gidney, Craig and Gimby, Brendan and Gokhale, Pranav and H{\"a}ner, Thomas and Hardikar, Tarini and Higgott, Oscar and Huang, Cupjin and Izaac, Josh and Jiang, Zhang and Liu, Xinle and McArdle, Sam and Neeley, Matthew and O'Brien, Thomas and O'Gorman, Bryan and Ozfidan, Isil and Radin, Maxwell D and Romero, Jhonathan and Rubin, Nicholas and Sawaya, Nicolas P D and Setia, Kanav and Sim, Sukin and Steiger, Damian S and Steudtner, Mark and Sun, Qiming and Sun, Wei and Wang, Daochen and Zhang, Fang and Babbush, Ryan},
title = {{OpenFermion: The Electronic Structure Package for Quantum Computers}},
howpublished = {e-print arXiv:1710.07629v5 [quant-ph]},
year = {2017}
}

@misc{Barkoutsos:2019wq,
author = {Barkoutsos, Panagiotis Kl and Nannicini, Giacomo and Robert, Anton and Tavernelli, Ivano and Woerner, Stefan},
title = {{Improving Variational Quantum Optimization using CVaR}},
howpublished =  {e-print arXiv:1907.04769v1 [quant-ph]},
year = {2019}
}

@misc{Motta:2019ul,
author = {Motta, Mario and Sun, Chong and Tan, Adrian Teck Keng and O' Rourke, Matthew J and Ye, Erika and Minnich, Austin J and Brandao, Fernando G S L and Chan, Garnet Kin-Lic},
title = {{Quantum Imaginary Time Evolution, Quantum Lanczos, and Quantum Thermal Averaging}},
howpublished = {e-print arXiv:1901.07653v2 [quant-ph]},
year = {2019}
}


@article{biamonte2008realizable,
  title={{Realizable Hamiltonians for universal adiabatic quantum computers}},
  author={Biamonte, Jacob D and Love, Peter J},
  journal = {Phys. Rev. A},
  volume={78},
  number={1},
  pages={012352},
  year={2008},
  publisher={APS}
}

@article{Kempe:2006bj,
author = {Kempe, J and Kitaev, A and Regev, O},
title = {{The complexity of the local Hamiltonian problem}},
journal = {SIAM J. Comput.},
year = {2006},
volume = {35},
number = {5},
pages = {1070--1097}
}

%  approximate Hamiltonian evolution
@article{Berry:2015ir,
author = {Berry, Dominic W and Childs, Andrew M and Cleve, Richard and Kothari, Robin and Somma, Rolando D},
title = {{Simulating Hamiltonian Dynamics with a Truncated Taylor Series}},
journal = {Phys. Rev. Lett.},
year = {2015},
volume = {114},
number = {9},
pages = {29--5},
month = mar
}

@book{shavitt2009many,
  title={Many-body methods in chemistry and physics: MBPT and coupled-cluster theory},
  author={Shavitt, Isaiah and Bartlett, Rodney J},
  year={2009},
  publisher={Cambridge university press}
}

@misc{evangelista2019exact,
  title={Exact Parameterization of Fermionic Wave Functions via Unitary Coupled Cluster Theory},
  author={Evangelista, Francesco A and Chan, Garnet Kin and Scuseria, Gustavo E},
  howpublished={e-print arXiv:1910.10130 [physics.chem-ph]},
  year={2019}
}
